[gd_scene load_steps=13 format=3 uid="uid://cia7n2xpkmob6"]

[ext_resource type="Script" path="res://src/projectiles/bullet.gd" id="1_g8qyu"]
[ext_resource type="Texture2D" uid="uid://y24i8m2wdtp1" path="res://gfx/images/weapon_mod.png" id="2_k3ftb"]
[ext_resource type="Script" path="res://src/vfx/particle_burst.gd" id="2_klwkb"]
[ext_resource type="Resource" uid="uid://bqewe8kk210ly" path="res://obj/vfx/particle_effects/blood_hit_small.tres" id="3_1qqdp"]
[ext_resource type="Script" path="res://src/projectiles/hit_effects/randomize_lifetime.gd" id="3_2eqm7"]
[ext_resource type="Script" path="res://src/vfx/line_motion_path.gd" id="3_o0qwd"]
[ext_resource type="Script" path="res://src/projectiles/particles_on_hit.gd" id="4_t5dyb"]
[ext_resource type="Resource" uid="uid://dch5twc6uchkx" path="res://obj/vfx/particle_effects/bullet_sparks.tres" id="5_u6ljn"]
[ext_resource type="Script" path="res://src/projectiles/hit_effects/wounding_hit.gd" id="9_qjmp6"]
[ext_resource type="Script" path="res://src/vfx/wound_set.gd" id="10_4ag6x"]
[ext_resource type="Resource" uid="uid://0iywspsujeaa" path="res://obj/vfx/wounds/flesh_large.tres" id="11_r47er"]
[ext_resource type="Resource" uid="uid://dobvoh4bhddde" path="res://obj/vfx/wounds/stone_small.tres" id="12_ovbv2"]

[node name="Pellet" type="Node2D" node_paths=PackedStringArray("collision")]
script = ExtResource("1_g8qyu")
collision = NodePath("Collision")
blood_hit_effects = Array[ExtResource("2_klwkb")]([ExtResource("3_1qqdp")])
title = "Pellet"
texture = ExtResource("2_k3ftb")
max_lifetime = 0.2

[node name="Collision" type="RayCast2D" parent="."]
visible = false
target_position = Vector2(0, 0)
collision_mask = 93
hit_from_inside = true

[node name="BulletLine" type="Node" parent="." node_paths=PackedStringArray("position_target")]
script = ExtResource("3_o0qwd")
position_target = NodePath("..")
thickness = 0.5
color = Color(1, 1, 0.360784, 1)

[node name="ParticlesOnHit" type="Node" parent="."]
script = ExtResource("4_t5dyb")
particle_burst = ExtResource("5_u6ljn")

[node name="RandomizeLifetime" type="Node" parent="."]
script = ExtResource("3_2eqm7")
max_life_dif = 0.05

[node name="Wounding" type="Node" parent="."]
script = ExtResource("9_qjmp6")
wound_sets = Array[ExtResource("10_4ag6x")]([ExtResource("11_r47er")])
min_wound_fraction = 2.0

[node name="Wounding2" type="Node" parent="."]
script = ExtResource("9_qjmp6")
wound_sets = Array[ExtResource("10_4ag6x")]([ExtResource("12_ovbv2")])
