[gd_scene load_steps=25 format=3 uid="uid://kqfjggcb5f5k"]

[ext_resource type="Script" path="res://addons/rmsmartshape/shapes/shape.gd" id="1_gep8a"]
[ext_resource type="Script" path="res://addons/rmsmartshape/vertex_properties.gd" id="2_7gl3a"]
[ext_resource type="Script" path="res://addons/rmsmartshape/shapes/point_array.gd" id="2_mqfqy"]
[ext_resource type="Script" path="res://addons/rmsmartshape/shapes/point.gd" id="3_2sxil"]
[ext_resource type="Script" path="res://addons/rmsmartshape/materials/shape_material.gd" id="3_pef7k"]
[ext_resource type="Resource" uid="uid://c8q2nrxnbopbb" path="res://gfx/materials/metal_tile.tres" id="5_0ap67"]
[ext_resource type="Texture2D" uid="uid://bj658oli0klj3" path="res://gfx/images/materials/metal_tiling/tex_metal_tiling_fill.png" id="5_8tggm"]
[ext_resource type="Script" path="res://addons/rmsmartshape/normal_range.gd" id="6_kcinr"]
[ext_resource type="Script" path="res://addons/rmsmartshape/materials/edge_material_metadata.gd" id="7_sxp8l"]
[ext_resource type="Script" path="res://src/level/occluder_match_shape.gd" id="10_wguva"]

[sub_resource type="Resource" id="Resource_nkvis"]
script = ExtResource("2_7gl3a")
texture_idx = 0
flip = false
width = 1.0

[sub_resource type="Resource" id="Resource_n8ifc"]
script = ExtResource("3_2sxil")
position = Vector2(53.3333, 0)
point_in = Vector2(0, 0)
point_out = Vector2(0, 0)
properties = SubResource("Resource_nkvis")

[sub_resource type="Resource" id="Resource_6c4kn"]
script = ExtResource("2_7gl3a")
texture_idx = 0
flip = false
width = 1.0

[sub_resource type="Resource" id="Resource_r2r7q"]
script = ExtResource("3_2sxil")
position = Vector2(-53.3333, 0)
point_in = Vector2(0, 0)
point_out = Vector2(0, 0)
properties = SubResource("Resource_6c4kn")

[sub_resource type="Resource" id="Resource_0m7s2"]
script = ExtResource("2_7gl3a")
texture_idx = 0
flip = false
width = 1.0

[sub_resource type="Resource" id="Resource_8mdnv"]
script = ExtResource("3_2sxil")
position = Vector2(-53.3333, -160)
point_in = Vector2(0, 0)
point_out = Vector2(0, 0)
properties = SubResource("Resource_0m7s2")

[sub_resource type="Resource" id="Resource_hd3fk"]
script = ExtResource("2_7gl3a")
texture_idx = 0
flip = false
width = 1.0

[sub_resource type="Resource" id="Resource_nyg4p"]
script = ExtResource("3_2sxil")
position = Vector2(53.3333, -160)
point_in = Vector2(0, 0)
point_out = Vector2(0, 0)
properties = SubResource("Resource_hd3fk")

[sub_resource type="Resource" id="Resource_iivd7"]
script = ExtResource("2_7gl3a")
texture_idx = 0
flip = false
width = 1.0

[sub_resource type="Resource" id="Resource_gai87"]
script = ExtResource("3_2sxil")
position = Vector2(53.3333, 0)
point_in = Vector2(0, 0)
point_out = Vector2(0, 0)
properties = SubResource("Resource_iivd7")

[sub_resource type="Resource" id="Resource_0pa8b"]
script = ExtResource("2_mqfqy")
_points = {
0: SubResource("Resource_n8ifc"),
3: SubResource("Resource_r2r7q"),
6: SubResource("Resource_8mdnv"),
17: SubResource("Resource_nyg4p"),
20: SubResource("Resource_gai87")
}
_point_order = PackedInt32Array(20, 3, 6, 17, 0)
_constraints = {
Vector2i(20, 0): 15
}
_next_key = 34
_material_overrides = {}
tessellation_stages = 5
tessellation_tolerance = 4.0
curve_bake_interval = 20.0

[sub_resource type="Resource" id="Resource_g3djp"]
script = ExtResource("6_kcinr")
begin = 0.0
distance = 360.0
edgeRendering = Vector2(0, 0)

[sub_resource type="Resource" id="Resource_workw"]
script = ExtResource("7_sxp8l")
edge_material = ExtResource("5_0ap67")
normal_range = SubResource("Resource_g3djp")
weld = true
taper_sharp_corners = true
render = true
z_index = 0
z_as_relative = true
offset = 0.0

[sub_resource type="Resource" id="Resource_rhemy"]
script = ExtResource("3_pef7k")
_edge_meta_materials = Array[ExtResource("7_sxp8l")]([SubResource("Resource_workw")])
fill_textures = Array[Texture2D]([ExtResource("5_8tggm")])
fill_texture_z_index = -1
fill_texture_show_behind_parent = false
fill_texture_scale = 0.2
fill_texture_absolute_position = false
fill_texture_absolute_rotation = false
fill_texture_offset = Vector2(0, 0)
fill_texture_angle_offset = 0.0
fill_mesh_offset = 0.0
render_offset = 0.0

[node name="MetalTiling" type="Node2D"]
texture_repeat = 2
scale = Vector2(0.15, 0.15)
script = ExtResource("1_gep8a")
_points = SubResource("Resource_0pa8b")
shape_material = SubResource("Resource_rhemy")

[node name="OccluderMatchShape" type="LightOccluder2D" parent="."]
z_index = -1000
z_as_relative = false
occluder_light_mask = 2
script = ExtResource("10_wguva")
