[gd_scene load_steps=11 format=3 uid="uid://br38cb5up163s"]

[ext_resource type="Texture2D" uid="uid://c8mktn63paen8" path="res://gfx/images/fx_dust_cloud.png" id="1_fi6ir"]
[ext_resource type="Script" path="res://src/vfx/persistent_particle_system.gd" id="1_ms4st"]

[sub_resource type="CanvasItemMaterial" id="CanvasItemMaterial_atoj2"]
particles_animation = true
particles_anim_h_frames = 2
particles_anim_v_frames = 2
particles_anim_loop = false

[sub_resource type="Curve" id="Curve_krww6"]
_data = [Vector2(0, 0.043956), 0.0, 18.4256, 0, 1, Vector2(0.0518868, 1), 18.4256, 0.0, 1, 1, Vector2(0.490566, 1), 0.0, 0.0, 0, 0, Vector2(1, 0), 0.0, 0.0, 0, 0]
point_count = 4

[sub_resource type="CurveTexture" id="CurveTexture_dl14a"]
width = 32
texture_mode = 1
curve = SubResource("Curve_krww6")

[sub_resource type="Curve" id="Curve_v8xuf"]
_data = [Vector2(0, 1), 0.0, 0.0, 0, 0, Vector2(0.768868, 0), 0.0, 0.0, 0, 0]
point_count = 2

[sub_resource type="CurveTexture" id="CurveTexture_8wp72"]
width = 32
texture_mode = 1
curve = SubResource("Curve_v8xuf")

[sub_resource type="Curve" id="Curve_6kiub"]
_data = [Vector2(0, 0.538462), 0.0, 1.74725, 0, 0, Vector2(0.259434, 1), 0.0, 0.0, 0, 0, Vector2(0.5, 0.934066), -0.345136, -0.345136, 0, 0, Vector2(1, 0.285714), -0.0705961, 0.0, 1, 0]
point_count = 4

[sub_resource type="CurveTexture" id="CurveTexture_yn3p7"]
width = 32
curve = SubResource("Curve_6kiub")

[sub_resource type="ParticleProcessMaterial" id="ParticleProcessMaterial_p3ppm"]
lifetime_randomness = 0.75
particle_flag_disable_z = true
particle_flag_damping_as_friction = true
angle_min = -720.0
angle_max = 720.0
initial_velocity_max = 100.0
angular_velocity_min = -100.0
angular_velocity_max = 100.0
gravity = Vector3(0, 0, 0)
damping_min = 2.0
damping_max = 2.0
damping_curve = SubResource("CurveTexture_8wp72")
scale_min = 0.2
scale_max = 0.3
scale_curve = SubResource("CurveTexture_yn3p7")
color = Color(0.905176, 0.713964, 0.693014, 1)
alpha_curve = SubResource("CurveTexture_dl14a")
anim_offset_max = 1.0

[node name="PersistentParticleSystem" type="GPUParticles2D"]
material = SubResource("CanvasItemMaterial_atoj2")
emitting = false
amount = 100
process_material = SubResource("ParticleProcessMaterial_p3ppm")
texture = ExtResource("1_fi6ir")
lifetime = 2.0
explosiveness = 1.0
visibility_rect = Rect2(-1000, -1000, 2000, 2000)
draw_order = 0
script = ExtResource("1_ms4st")
