[gd_scene load_steps=11 format=3 uid="uid://dp3g8tsndqh17"]

[ext_resource type="Script" path="res://src/ui/reticle.gd" id="1_20txo"]
[ext_resource type="Texture2D" uid="uid://bn3lwm8v6sff7" path="res://gfx/images/reticle_arrow.png" id="2_0ptsi"]

[sub_resource type="StyleBoxFlat" id="StyleBoxFlat_3mddk"]
bg_color = Color(0.0784314, 0.0784314, 0.4, 1)
skew = Vector2(-1, 0)
corner_detail = 4
expand_margin_left = 1.0
expand_margin_top = 1.0
expand_margin_right = 1.0
expand_margin_bottom = 1.0

[sub_resource type="StyleBoxFlat" id="StyleBoxFlat_txsnp"]
bg_color = Color(0.2, 0.2, 1, 1)
skew = Vector2(-1, 0)

[sub_resource type="StyleBoxFlat" id="StyleBoxFlat_el2qg"]
bg_color = Color(0.321569, 0.278431, 0.054902, 1)
skew = Vector2(1, 0)
expand_margin_left = 1.0
expand_margin_top = 1.0
expand_margin_right = 1.0
expand_margin_bottom = 1.0

[sub_resource type="StyleBoxFlat" id="StyleBoxFlat_mwexw"]
bg_color = Color(0.658824, 0.619608, 0.407843, 1)
skew = Vector2(1, 0)
corner_detail = 4

[sub_resource type="StyleBoxFlat" id="StyleBoxFlat_cj1hc"]
bg_color = Color(0.5, 0.5, 0.5, 1)
skew = Vector2(-1, 0)

[sub_resource type="StyleBoxFlat" id="StyleBoxFlat_l3qmu"]
bg_color = Color(1, 1, 1, 1)
skew = Vector2(-1, 0)

[sub_resource type="StyleBoxFlat" id="StyleBoxFlat_2arge"]
bg_color = Color(0.5, 0.5, 0.5, 1)
skew = Vector2(1, 0)

[sub_resource type="StyleBoxFlat" id="StyleBoxFlat_84smn"]
bg_color = Color(1, 1, 1, 1)
skew = Vector2(1, 0)

[node name="Reticle" type="Control" node_paths=PackedStringArray("energy_indicator", "ammo_indicator", "shot_indicator_top", "shot_indicator_bottom", "shot_cursor")]
layout_mode = 3
anchors_preset = 0
script = ExtResource("1_20txo")
energy_indicator = NodePath("EnergyIndicator")
ammo_indicator = NodePath("AmmoIndicator")
shot_indicator_top = NodePath("Cursor/ShotDelayT")
shot_indicator_bottom = NodePath("Cursor/ShotDelayB")
shot_cursor = NodePath("Cursor")

[node name="EnergyIndicator" type="ProgressBar" parent="."]
layout_mode = 0
offset_left = -15.0
offset_top = -8.0
offset_right = 13.0
offset_bottom = -4.0
theme_override_styles/background = SubResource("StyleBoxFlat_3mddk")
theme_override_styles/fill = SubResource("StyleBoxFlat_txsnp")
max_value = 1.0
step = 0.0
value = 1.0
show_percentage = false

[node name="AmmoIndicator" type="ProgressBar" parent="."]
layout_mode = 0
offset_left = -15.0
offset_top = 4.0
offset_right = 13.0
offset_bottom = 8.0
theme_override_styles/background = SubResource("StyleBoxFlat_el2qg")
theme_override_styles/fill = SubResource("StyleBoxFlat_mwexw")
max_value = 1.0
step = 0.0
value = 1.0
show_percentage = false

[node name="Cursor" type="Control" parent="."]
modulate = Color(0.239216, 1, 0.239216, 1)
anchors_preset = 0
offset_right = 40.0
offset_bottom = 40.0

[node name="ShotDelayT" type="ProgressBar" parent="Cursor"]
layout_mode = 0
offset_top = -5.0
offset_right = 15.0
theme_override_styles/background = SubResource("StyleBoxFlat_cj1hc")
theme_override_styles/fill = SubResource("StyleBoxFlat_l3qmu")
max_value = 1.0
step = 0.0
show_percentage = false

[node name="ShotDelayB" type="ProgressBar" parent="Cursor"]
layout_mode = 0
offset_right = 15.0
offset_bottom = 5.0
theme_override_styles/background = SubResource("StyleBoxFlat_2arge")
theme_override_styles/fill = SubResource("StyleBoxFlat_84smn")
max_value = 1.0
step = 0.0
show_percentage = false

[node name="Dot2" type="TextureRect" parent="Cursor"]
layout_mode = 2
offset_left = 16.0
offset_right = 16.0
size_flags_horizontal = 4
size_flags_vertical = 4
texture = ExtResource("2_0ptsi")
expand_mode = 1
stretch_mode = 3

[node name="Dot" type="TextureRect" parent="Cursor"]
layout_mode = 2
size_flags_horizontal = 4
size_flags_vertical = 4
texture = ExtResource("2_0ptsi")
expand_mode = 1
stretch_mode = 3
