[gd_scene load_steps=7 format=3 uid="uid://b3mgwhbeqsqv8"]

[ext_resource type="Script" path="res://src/ui/wave_progress_bar.gd" id="1_dyh7t"]
[ext_resource type="PackedScene" uid="uid://bbt5qy12w6its" path="res://obj/ui/gameplay/reward_selection.tscn" id="2_hljgp"]

[sub_resource type="StyleBoxEmpty" id="StyleBoxEmpty_p2hq6"]

[sub_resource type="StyleBoxEmpty" id="StyleBoxEmpty_8q258"]

[sub_resource type="StyleBoxFlat" id="StyleBoxFlat_pbt31"]
bg_color = Color(0.392157, 0.333333, 0, 1)

[sub_resource type="StyleBoxEmpty" id="StyleBoxEmpty_kf5i4"]

[node name="WaveInfo" type="PanelContainer" node_paths=PackedStringArray("wave_label", "complete_popup", "next_wave_button", "bar_anchors", "reward_selection_container")]
mouse_filter = 1
theme_override_styles/panel = SubResource("StyleBoxEmpty_p2hq6")
script = ExtResource("1_dyh7t")
reward_selection_prefab = ExtResource("2_hljgp")
wave_label = NodePath("Progress/MarginContainer/PanelContainer/MarginContainer/VBoxContainer/WaveLabel")
complete_popup = NodePath("CompletionPopup")
next_wave_button = NodePath("CompletionPopup/MarginContainer/MarginContainer/VBoxContainer/NextWave")
bar_anchors = NodePath("Progress/MarginContainer/PanelContainer/MarginContainer/VBoxContainer/ProgressBar/Back")
reward_selection_container = NodePath("CompletionPopup/MarginContainer/MarginContainer/VBoxContainer/RewardSelContainer")

[node name="Progress" type="PanelContainer" parent="."]
layout_mode = 2
size_flags_vertical = 0
mouse_filter = 2
theme_override_styles/panel = SubResource("StyleBoxEmpty_8q258")

[node name="MarginContainer" type="MarginContainer" parent="Progress"]
layout_mode = 2
theme_override_constants/margin_left = 150
theme_override_constants/margin_right = 150

[node name="PanelContainer" type="PanelContainer" parent="Progress/MarginContainer"]
layout_mode = 2
size_flags_horizontal = 4

[node name="MarginContainer" type="MarginContainer" parent="Progress/MarginContainer/PanelContainer"]
layout_mode = 2
theme_override_constants/margin_left = 15
theme_override_constants/margin_top = 10
theme_override_constants/margin_right = 15
theme_override_constants/margin_bottom = 15

[node name="VBoxContainer" type="VBoxContainer" parent="Progress/MarginContainer/PanelContainer/MarginContainer"]
layout_mode = 2
theme_override_constants/separation = 10

[node name="WaveLabel" type="Label" parent="Progress/MarginContainer/PanelContainer/MarginContainer/VBoxContainer"]
layout_mode = 2
size_flags_vertical = 0
theme_override_font_sizes/font_size = 20
text = "Wave 0"
horizontal_alignment = 1

[node name="ProgressBar" type="Panel" parent="Progress/MarginContainer/PanelContainer/MarginContainer/VBoxContainer"]
visible = false
custom_minimum_size = Vector2(0, 15)
layout_mode = 2
theme_override_styles/panel = SubResource("StyleBoxFlat_pbt31")

[node name="Back" type="MarginContainer" parent="Progress/MarginContainer/PanelContainer/MarginContainer/VBoxContainer/ProgressBar"]
layout_mode = 1
anchors_preset = 15
anchor_right = 1.0
anchor_bottom = 1.0
grow_horizontal = 2
grow_vertical = 2
theme_override_constants/margin_left = 5
theme_override_constants/margin_top = 5
theme_override_constants/margin_right = 5
theme_override_constants/margin_bottom = 5

[node name="Fill" type="ColorRect" parent="Progress/MarginContainer/PanelContainer/MarginContainer/VBoxContainer/ProgressBar/Back"]
layout_mode = 2
color = Color(1, 1, 0, 1)

[node name="CompletionPopup" type="PanelContainer" parent="."]
visible = false
layout_mode = 2
mouse_filter = 1
theme_override_styles/panel = SubResource("StyleBoxEmpty_kf5i4")

[node name="MarginContainer" type="MarginContainer" parent="CompletionPopup"]
layout_mode = 2
theme_override_constants/margin_left = 100
theme_override_constants/margin_top = 100
theme_override_constants/margin_right = 100
theme_override_constants/margin_bottom = 100

[node name="Back" type="Panel" parent="CompletionPopup/MarginContainer"]
layout_mode = 2

[node name="MarginContainer" type="MarginContainer" parent="CompletionPopup/MarginContainer"]
layout_mode = 2
theme_override_constants/margin_left = 15
theme_override_constants/margin_top = 15
theme_override_constants/margin_right = 15
theme_override_constants/margin_bottom = 15

[node name="VBoxContainer" type="VBoxContainer" parent="CompletionPopup/MarginContainer/MarginContainer"]
layout_mode = 2
theme_override_constants/separation = 10

[node name="Message" type="Label" parent="CompletionPopup/MarginContainer/MarginContainer/VBoxContainer"]
layout_mode = 2
theme_override_font_sizes/font_size = 24
text = "Wave Complete!"
horizontal_alignment = 1

[node name="Detail" type="Label" parent="CompletionPopup/MarginContainer/MarginContainer/VBoxContainer"]
layout_mode = 2
size_flags_vertical = 1
theme_override_colors/font_color = Color(1, 1, 1, 0.498039)
text = "You completed the wave"
horizontal_alignment = 1

[node name="RewardSelContainer" type="VBoxContainer" parent="CompletionPopup/MarginContainer/MarginContainer/VBoxContainer"]
layout_mode = 2
size_flags_vertical = 3

[node name="RewardSelection" parent="CompletionPopup/MarginContainer/MarginContainer/VBoxContainer/RewardSelContainer" instance=ExtResource("2_hljgp")]
layout_mode = 2

[node name="NextWave" type="Button" parent="CompletionPopup/MarginContainer/MarginContainer/VBoxContainer"]
layout_mode = 2
size_flags_horizontal = 4
size_flags_vertical = 4
text = "Next Round"
